@inproceedings{elliott1997functional,
  title     = {Functional reactive animation},
  author    = {Elliott, Conal and Hudak, Paul},
  booktitle = {Proceedings of the second ACM SIGPLAN international conference on Functional programming},
  pages     = {263--273},
  year      = {1997}
}
@inproceedings{giorgidze2008switched,
  title        = {Switched-on yampa},
  author       = {Giorgidze, George and Nilsson, Henrik},
  booktitle    = {International Symposium on Practical Aspects of Declarative Languages},
  pages        = {282--298},
  year         = {2008},
  organization = {Springer}
}
@incollection{maglie2016reactivex,
  title     = {ReactiveX and RxJava},
  author    = {Maglie, Andrea},
  booktitle = {Reactive Java Programming},
  pages     = {1--9},
  year      = {2016},
  publisher = {Springer}
}
@article{czaplicki2013asynchronous,
  title     = {Asynchronous functional reactive programming for GUIs},
  author    = {Czaplicki, Evan and Chong, Stephen},
  journal   = {ACM SIGPLAN Notices},
  volume    = {48},
  number    = {6},
  pages     = {411--422},
  year      = {2013},
  publisher = {ACM New York, NY, USA}
}
@inproceedings{kiselyov2004strongly,
  title     = {Strongly typed heterogeneous collections},
  author    = {Kiselyov, Oleg and L{\"a}mmel, Ralf and Schupke, Keean},
  booktitle = {Proceedings of the 2004 ACM SIGPLAN workshop on Haskell},
  pages     = {96--107},
  year      = {2004}
}
@inproceedings{schnell2015time,
  title  = {Of time engines and masters an API for scheduling and synchronizing the generation and playback of event sequences and media streams for the Web Audio API},
  author = {Schnell, Norbert and Saiz, Victor and Barkati, Karim and Goldszmidt, Samuel},
  year   = {2015}
}
@inproceedings{pendharkar2015adventures,
  title        = {Adventures in scheduling, buffers and parameters: Porting a dynamic audio engine to Web Audio},
  author       = {Pendharkar, Chinmay and B{\"a}ck, Peter and Wyse, Lonce},
  booktitle    = {Proceedings of the Web Audio Conference, Paris, France},
  year         = {2015},
  organization = {Citeseer}
}
@article{jack2018action,
  title     = {Action-sound latency and the perceived quality of digital musical instruments: Comparing professional percussionists and amateur musicians},
  author    = {Jack, Robert H and Mehrabi, Adib and Stockman, Tony and McPherson, Andrew},
  journal   = {Music Perception: An Interdisciplinary Journal},
  volume    = {36},
  number    = {1},
  pages     = {109--128},
  year      = {2018},
  publisher = {University of California Press USA}
}
%%%%%%%%%%%%%%%%%%%%%%%%%%%%%%


@article{bowman:reasoning,
  author  = {Mic Bowman and Saumya K. Debray and Larry L. Peterson},
  title   = {Reasoning About Naming Systems},
  journal = {ACM Trans. Program. Lang. Syst.},
  volume  = {15},
  number  = {5},
  pages   = {795-825},
  month   = {November},
  year    = {1993}
}

@article{braams:babel,
  author  = {Johannes Braams},
  title   = {Babel, a Multilingual Style-Option System for Use with LaTeX's Standard Document Styles},
  journal = {TUGboat},
  volume  = {12},
  number  = {2},
  pages   = {291-301},
  month   = {June},
  year    = {1991}
}

@inproceedings{clark:pct,
  author       = {Malcolm Clark},
  title        = {Post Congress Tristesse},
  booktitle    = {TeX90 Conference Proceedings},
  pages        = {84-89},
  organization = {TeX Users Group},
  month        = {March},
  year         = {1991}
}

@article{herlihy:methodology,
  author  = {Maurice Herlihy},
  title   = {A Methodology for Implementing Highly Concurrent
	Data Objects},
  journal = {ACM Trans. Program. Lang. Syst.},
  volume  = {15},
  number  = {5},
  pages   = {745-770},
  month   = {November},
  year    = {1993}
}

@book{Lamport:LaTeX,
  author    = {Leslie Lamport},
  title     = {LaTeX User's Guide and Document Reference Manual},
  publisher = {Addison-Wesley Publishing Company},
  address   = {Reading, Massachusetts},
  year      = {1986}
}

@book{salas:calculus,
  author    = {S.L. Salas and Einar Hille},
  title     = {Calculus: One and Several Variable},
  publisher = {John Wiley and Sons},
  address   = {New York},
  year      = {1978}
}






